%Full Eulerian Papers
@incollection{dunne2006adaptive,
  title={Adaptive finite element approximation of fluid-structure interaction based on an Eulerian variational formulation},
  author={Dunne, Thomas and Rannacher, Rolf},
  booktitle={Fluid-structure interaction},
  pages={110--145},
  year={2006},
  publisher={Springer}
}
@article{richter2013fully,
  title={A fully Eulerian formulation for fluid--structure-interaction problems},
  author={Richter, Thomas},
  journal={Journal of Computational Physics},
  volume={233},
  pages={227--240},
  year={2013},
  publisher={Elsevier}
}