@misc{wikipedia,
    Author = {Wikipedia},
    Note = {[Online; accessed 24-March-2015]},
    Title = {Porosity --- Wikipedia{,} The Free Encyclopedia},
    Url = {http://en.wikipedia.org/w/index.php?title=Porosity&oldid=651280533},
    Year = {2015},
    Bdsk-Url-1 = {http://en.wikipedia.org/w/index.php?title=Porosity&oldid=651280533}
}
